@misc{companyhistory_2023,
  title        = {More history...},
  author       = {Simphonics},
  howpublished = {\url{http://www.simphonics.com/about/history.htm}},
  journal      = {Simphonics.com},
  year         = {2023}
}

@misc{wikipediacontributors_2022,
  title     = {A Manufacturing Language},
  url       = {https://en.wikipedia.org/wiki/A_Manufacturing_Language},
  journal   = {Wikipedia},
  publisher = {Wikimedia Foundation},
  author    = {Wikipedia Contributors},
  year      = {2022},
  month     = {Jun}
}

@misc{wikipediacontributors_2018,
  title     = {Variable Assembly Language},
  url       = {https://en.wikipedia.org/wiki/Variable_Assembly_Language},
  journal   = {Wikipedia},
  publisher = {Wikimedia Foundation},
  author    = {Wikipedia Contributors},
  year      = {2018},
  month     = {May}
}
‌
@misc{webots:robotsimulator_2021,
  title        = {Webots},
  howpublished = {\url{https://cyberbotics.com/}},
  journal      = {Cyberbotics.com},
  year         = {2021}
}
‌