@article{daily2017self,
  title     = {Self-driving cars},
  author    = {Daily, Mike and Medasani, Swarup and Behringer, Reinhold and Trivedi, Mohan},
  journal   = {Computer},
  volume    = {50},
  number    = {12},
  pages     = {18--23},
  year      = {2017},
  publisher = {IEEE}
}

@article{zhongming2020new,
  title   = {A new rover to land on Mars},
  author  = {Zhongming, Zhu and Linong, Lu and Xiaona, Yao and Wangqiang, Zhang and Wei, Liu and others},
  year    = {2020},
  yournal = {Zhonming}
}

@misc{ackerman_erico_guizzo_2015,
  title     = {DARPA Robotics Challenge: Amazing Moments, Lessons Learned, and What’s Next},
  url       = {https://spectrum.ieee.org/darpa-robotics-challenge-amazing-moments-lessons-learned-whats-next},
  journal   = {IEEE Spectrum},
  publisher = {IEEE Spectrum},
  author    = {Ackerman, Evan and Erico Guizzo},
  year      = {2015},
  month     = {Jun}
}

@misc{rafaelsalgadogarciglia_2014,
  title   = {VEHÍCULOS AUTÓNOMOS ¿UN VEHÍCULO QUE SE CONDUCE SOLO?},
  url     = {https://www.sabermas.umich.mx/archivo/tecnologia/196-numero-2462/381-vehiculos-autonomos-iun-vehiculo-que-se-conduce-solo.html#:~:text=El%20modelo%20aut%C3%B3nomo%20de%20Mercedes,un%2095%25%20de%20conducci%C3%B3n%20aut%C3%B3noma.},
  journal = {Umich.mx},
  author  = {Rafael Salgado Garciglia},
  year    = {2014}
}

@misc{mars.nasa.gov_2020,
  title   = {Learn About the Rover - NASA},
  url     = {https://mars.nasa.gov/mars2020/spacecraft/rover/},
  journal = {Nasa.gov},
  author  = {mars.nasa.gov},
  year    = {2020}
}
‌